
@misc{design,
  title={Google Matireal Design},
  howpublished={\url{https://material.io/design/}},
  note={Доступ: 04.10.2018}
}

@misc{colors,
  title={Google Matireal Design | Colors},
  howpublished={\url{https://material.io/design/color/the-color-system.html#color-theme-creation}},
  note={Доступ: 04.10.2018}
}

@misc{hitler,
  title={Secret Hitler},
  howpublished={\url{https://boardgamegeek.com/boardgame/188834/secret-hitler}},
  note={Доступ: 04.10.2018}
}

@misc{one-night-ultimate-werewolf,
  title={One Night Ultimate Werewolf},
  howpublished={\url{https://boardgamegeek.com/boardgame/147949/one-night-ultimate-werewolf}},
  note={Доступ: 04.10.2018}
}

@misc{one-night-ultimate-werewolf-daybreak,
  title={One Night Ultimate Werewolf Daybreak},
  howpublished={\url{https://boardgamegeek.com/boardgame/163166/one-night-ultimate-werewolf-daybreak}},
  note={Доступ: 04.10.2018}
}

@misc{one-night-ultimate-vampire,
  title={One Night Ultimate Vampire},
  howpublished={\url{https://boardgamegeek.com/boardgame/180956/one-night-ultimate-vampire}},
  note={Доступ: 04.10.2018}
}

@misc{one-night-ultimate-alien,
  title={One Night Ultimate Alien},
  howpublished={\url{https://boardgamegeek.com/boardgame/204431/one-night-ultimate-alien}},
  note={Доступ: 04.10.2018}
}

@misc{resistance,
  title={The Resistance},
  howpublished={\url{https://boardgamegeek.com/boardgame/41114/resistance}},
  note={Доступ: 04.10.2018}
}

@misc{avalon,
  title={The Resistance: Avalon},
  howpublished={\url{https://boardgamegeek.com/boardgame/128882/resistance-avalon}},
  note={Доступ: 04.10.2018}
}
